<record><leader>00000cas a2200000 a 4500</leader><controlfield tag="001">50388830</controlfield><controlfield tag="008">020812u19uuuuuuiauwr ne      0    0eng c</controlfield><datafield ind1=" " ind2=" " tag="010"><subfield code="a">sn2007059022</subfield><subfield code="z">sn2002061508</subfield></datafield><datafield ind1=" " ind2=" " tag="040"><subfield code="a">NYS</subfield><subfield code="b">eng</subfield><subfield code="c">NYS</subfield><subfield code="d">DLC</subfield><subfield code="d">OCLCQ</subfield><subfield code="d">OCLCF</subfield><subfield code="d">OCLCO</subfield></datafield><datafield ind1=" " ind2=" " tag="042"><subfield code="a">pcc</subfield></datafield><datafield ind1=" " ind2=" " tag="043"><subfield code="a">n-us-ia</subfield></datafield><datafield ind1="0" ind2=" " tag="130"><subfield code="a">American Citizen (Des Moines, Iowa)</subfield></datafield><datafield ind1="1" ind2="4" tag="245"><subfield code="a">The American citizen.</subfield></datafield><datafield ind1=" " ind2=" " tag="260"><subfield code="a">Des Moines, Iowa :</subfield><subfield code="b">Sarcone Pub. Co.</subfield></datafield><datafield ind1=" " ind2=" " tag="300"><subfield code="a">v. :</subfield><subfield code="b">ill. ;</subfield><subfield code="c">56 cm.</subfield></datafield><datafield ind1=" " ind2=" " tag="500"><subfield code="a">A.L. Sarcone, Founder.</subfield></datafield><datafield ind1=" " ind2=" " tag="500"><subfield code="a">"An official city and county newspaper," 1963.</subfield></datafield><datafield ind1=" " ind2="0" tag="650"><subfield code="a">Italian Americans</subfield><subfield code="z">United States</subfield><subfield code="v">Newspapers.</subfield></datafield><datafield ind1=" " ind2="0" tag="651"><subfield code="a">Des Moines (Iowa)</subfield><subfield code="v">Newspapers.</subfield></datafield><datafield ind1=" " ind2="0" tag="651"><subfield code="a">Polk County (Iowa)</subfield><subfield code="v">Newspapers.</subfield></datafield><datafield ind1=" " ind2="7" tag="655"><subfield code="a">Newspapers.</subfield><subfield code="2">fast</subfield><subfield code="0">(OCoLC)fst01423814</subfield></datafield><datafield ind1=" " ind2="7" tag="650"><subfield code="a">Italian Americans.</subfield><subfield code="2">fast</subfield><subfield code="0">(OCoLC)fst00980419</subfield></datafield><datafield ind1=" " ind2="7" tag="651"><subfield code="a">Iowa</subfield><subfield code="z">Des Moines.</subfield><subfield code="2">fast</subfield><subfield code="0">(OCoLC)fst01205836</subfield></datafield><datafield ind1=" " ind2="7" tag="651"><subfield code="a">Iowa</subfield><subfield code="z">Polk County.</subfield><subfield code="2">fast</subfield><subfield code="0">(OCoLC)fst01216376</subfield></datafield><datafield ind1=" " ind2="7" tag="651"><subfield code="a">United States.</subfield><subfield code="2">fast</subfield><subfield code="0">(OCoLC)fst01204155</subfield></datafield><datafield ind1=" " ind2=" " tag="752"><subfield code="a">United States</subfield><subfield code="b">Iowa</subfield><subfield code="c">Polk</subfield><subfield code="d">Des Moines.</subfield></datafield></record>